@misc{OMS,
    author= {{GeeksforGeeks}},
    year  = {2021},
    title = {Longest Increasing Subsequence Size (N log N)},
    note  = {\url{https://www.geeksforgeeks.org/longest-monotonically-increasing-subsequence-size-n-log-n/}, 
             Last accessed on 2021-11-1},
}