%% LaTeX2e file `mybib.bib'
%% generated by the `filecontents' environment
%% from source `"a3 qh"' on 2021/11/01.
%%
@misc{OMS,
    author= {{World Health Organisation}},
    year  = {2017},
    title = {Vision impairment and blindness, {Fact Sheet N\textsuperscript{o}282}},
    note  = {\url{http://www.who.int/mediacentre/factsheets/fs282/fr/},
             Last accessed on 2017-11-30},
}
